<record><leader>00000cas a22000007a 4500</leader><controlfield tag="001">34200257</controlfield><controlfield tag="008">960215d19081909okudn n       0    0eng d</controlfield><datafield ind1=" " ind2=" " tag="010"><subfield code="a">sn 96087523 </subfield></datafield><datafield ind1=" " ind2=" " tag="040"><subfield code="a">OBN</subfield><subfield code="b">eng</subfield><subfield code="c">OBN</subfield><subfield code="d">OCLCQ</subfield><subfield code="d">OCLCF</subfield><subfield code="d">OCLCO</subfield></datafield><datafield ind1="1" ind2=" " tag="029"><subfield code="a">AU@</subfield><subfield code="b">000025919822</subfield></datafield><datafield ind1=" " ind2=" " tag="042"><subfield code="a">msc</subfield></datafield><datafield ind1=" " ind2=" " tag="043"><subfield code="a">n-us-ok</subfield></datafield><datafield ind1="0" ind2=" " tag="130"><subfield code="a">Sapulpa light (Sapulpa, Okla. : Daily)</subfield></datafield><datafield ind1="1" ind2="4" tag="245"><subfield code="a">The Sapulpa light.</subfield></datafield><datafield ind1="3" ind2=" " tag="246"><subfield code="a">Daily light</subfield></datafield><datafield ind1=" " ind2=" " tag="260"><subfield code="a">Sapulpa, Okla. :</subfield><subfield code="b">Light Pub. Co.</subfield></datafield><datafield ind1=" " ind2=" " tag="300"><subfield code="a">v.</subfield></datafield><datafield ind1=" " ind2=" " tag="310"><subfield code="a">Daily (except Sun.)</subfield></datafield><datafield ind1="0" ind2=" " tag="362"><subfield code="a">-v. 3, no. 53 (Dec. 29, 1909).</subfield></datafield><datafield ind1="1" ind2=" " tag="362"><subfield code="a">Began in 1908.</subfield></datafield><datafield ind1=" " ind2=" " tag="580"><subfield code="a">Weekly ed. : Sapulpa light (Sapulpa, Okla. : Weekly), 1896-1910.</subfield></datafield><datafield ind1=" " ind2=" " tag="588"><subfield code="a">Description based on: Vol. 1, no. 180 (May 23, 1908).</subfield></datafield><datafield ind1=" " ind2="0" tag="651"><subfield code="a">Sapulpa (Okla.)</subfield><subfield code="v">Newspapers.</subfield></datafield><datafield ind1=" " ind2="0" tag="651"><subfield code="a">Creek County (Okla.)</subfield><subfield code="v">Newspapers.</subfield></datafield><datafield ind1=" " ind2="7" tag="655"><subfield code="a">Newspapers.</subfield><subfield code="2">fast</subfield><subfield code="0">(OCoLC)fst01423814</subfield></datafield><datafield ind1=" " ind2="7" tag="651"><subfield code="a">Oklahoma</subfield><subfield code="z">Creek County.</subfield><subfield code="2">fast</subfield><subfield code="0">(OCoLC)fst01221598</subfield></datafield><datafield ind1=" " ind2="7" tag="651"><subfield code="a">Oklahoma</subfield><subfield code="z">Sapulpa.</subfield><subfield code="2">fast</subfield><subfield code="0">(OCoLC)fst01220630</subfield></datafield><datafield ind1=" " ind2=" " tag="752"><subfield code="a">United States</subfield><subfield code="b">Oklahoma</subfield><subfield code="c">Creek</subfield><subfield code="d">Sapulpa.</subfield></datafield><datafield ind1="0" ind2=" " tag="775"><subfield code="t">Sapulpa light (Sapulpa, Okla. : Weekly)</subfield><subfield code="w">(DLC)sn 96087521</subfield><subfield code="w">(OCoLC)34200181</subfield></datafield><datafield ind1="0" ind2="0" tag="785"><subfield code="t">Sapulpa evening light</subfield><subfield code="w">(DLC)sn 96087522</subfield><subfield code="w">(OCoLC)34200341</subfield></datafield></record>